@article{maldacena,
  title = {Remarks on the Sachdev-Ye-Kitaev model},
  author = {Maldacena, Juan and Stanford, Douglas},
  journal = {Phys. Rev. D},
  volume = {94},
  issue = {10},
  pages = {106002},
  numpages = {43},
  year = {2016},
  month = {Nov},
  publisher = {American Physical Society},
  doi = {10.1103/PhysRevD.94.106002},
  url = {https://link.aps.org/doi/10.1103/PhysRevD.94.106002}
}
@article{rosenhaus,
      author         = "Rosenhaus, Vladimir",
      title          = "{An introduction to the SYK model}",
      year           = "2018",
      eprint         = "1807.03334",
      archivePrefix  = "arXiv",
      primaryClass   = "hep-th",
      SLACcitation   = "%%CITATION = ARXIV:1807.03334;%%"
}
@Article{polchinski,
author="Polchinski, Joseph
and Rosenhaus, Vladimir",
title="The spectrum in the Sachdev-Ye-Kitaev model",
journal="Journal of High Energy Physics",
year="2016",
month="Apr",
day="01",
volume="2016",
number="4",
pages="1",
abstract="The SYK model consists of N ≫ 1 fermions in 0 + 1 dimensions with a random, all-to-all quartic interaction. Recently, Kitaev has found that the SYK model is maximally chaotic and has proposed it as a model of holography. We solve the SchwingerDyson equation and compute the spectrum of two-particle states in SYK, finding both a continuous and discrete tower. The four-point function is expressed as a sum over the spectrum. The sum over the discrete tower is evaluated.",
issn="1029-8479",
doi="10.1007/JHEP04(2016)001",
url="https://doi.org/10.1007/JHEP04(2016)001"
}
@Article{gross,
author="Gross, David J.
and Rosenhaus, Vladimir",
title="A generalization of Sachdev-Ye-Kitaev",
journal="Journal of High Energy Physics",
year="2017",
month="Feb",
day="17",
volume="2017",
number="2",
pages="93",
abstract="The SYK model: fermions with a q-body, Gaussian-random, all-to-all interaction, is the first of a fascinating new class of solvable large N models. We generalize SYK to include f flavors of fermions, each occupying Nasites and appearing with a qaorder in the interaction. Like SYK, this entire class of models generically has an infrared fixed point. We compute the infrared dimensions of the fermions, and the spectrum of singlet bilinear operators. We show that there is always a dimension-two operator in the spectrum, which implies that, like in SYK, there is breaking of conformal invariance and maximal chaos in the infrared four-point function of the generalized model. After a disorder average, the generalized model has a global O(N1) {\texttimes} O(N2) {\texttimes} {\ldots} {\texttimes} O(Nf) symmetry: a subgroup of the O(N) symmetry of SYK; thereby giving a richer spectrum. We also elucidate aspects of the large q limit and the OPE, and solve q = 2 SYK at finite N.",
issn="1029-8479",
doi="10.1007/JHEP02(2017)093",
url="https://doi.org/10.1007/JHEP02(2017)093"
}
@article{shenker,
      author         = "Maldacena, Juan and Shenker, Stephen H. and Stanford,
                        Douglas",
      title          = "{A bound on chaos}",
      journal        = "JHEP",
      volume         = "08",
      year           = "2016",
      pages          = "106",
      doi            = "10.1007/JHEP08(2016)106",
      eprint         = "1503.01409",
      archivePrefix  = "arXiv",
      primaryClass   = "hep-th",
      SLACcitation   = "%%CITATION = ARXIV:1503.01409;%%"
}
@article{liu,
      author         = "Liu, Junyu",
      title          = "{Spectral form factors and late time quantum chaos}",
      journal        = "Phys. Rev.",
      volume         = "D98",
      year           = "2018",
      number         = "8",
      pages          = "086026",
      doi            = "10.1103/PhysRevD.98.086026",
      eprint         = "1806.05316",
      archivePrefix  = "arXiv",
      primaryClass   = "hep-th",
      reportNumber   = "CALT-TH-2018-028",
      SLACcitation   = "%%CITATION = ARXIV:1806.05316;%%"
}
@article{polchinski_chaos,
      author         = "Cotler, Jordan S. and Gur-Ari, Guy and Hanada, Masanori
                        and Polchinski, Joseph and Saad, Phil and Shenker, Stephen
                        H. and Stanford, Douglas and Streicher, Alexandre and
                        Tezuka, Masaki",
      title          = "{Black Holes and Random Matrices}",
      journal        = "JHEP",
      volume         = "05",
      year           = "2017",
      pages          = "118",
      doi            = "10.1007/JHEP09(2018)002, 10.1007/JHEP05(2017)118",
      note           = "[Erratum: JHEP09,002(2018)]",
      eprint         = "1611.04650",
      archivePrefix  = "arXiv",
      primaryClass   = "hep-th",
      reportNumber   = "SU-ITP-16-19, SU-ITP-16/19, YITP-16-124",
      SLACcitation   = "%%CITATION = ARXIV:1611.04650;%%"
}
@article{stanford_chaos,
      author         = "Saad, Phil and Shenker, Stephen H. and Stanford, Douglas",
      title          = "{A semiclassical ramp in SYK and in gravity}",
      year           = "2018",
      eprint         = "1806.06840",
      archivePrefix  = "arXiv",
      primaryClass   = "hep-th",
      SLACcitation   = "%%CITATION = ARXIV:1806.06840;%%"
}
@article{haber,
	author = "H. E. Haber",
	title = "{Notes on antisymmetric matrices and the pfaffian}",
	year = "2015"
}
@article{tarnopolsky,
      author         = "Tarnopolsky, Grigory",
      title          = "{Large $q$ expansion in the Sachdev-Ye-Kitaev model}",
      journal        = "Phys. Rev.",
      volume         = "D99",
      year           = "2019",
      number         = "2",
      pages          = "026010",
      doi            = "10.1103/PhysRevD.99.026010",
      eprint         = "1801.06871",
      archivePrefix  = "arXiv",
      primaryClass   = "hep-th",
      SLACcitation   = "%%CITATION = ARXIV:1801.06871;%%"
}
@article{andrzejewski,
      author         = "Andrzejewski, K.",
      title          = "{Quantum conformal mechanics emerging from unitary
                        representations of SL(2,$\mathbb{R}$)}",
      journal        = "Annals Phys.",
      volume         = "367",
      year           = "2016",
      pages          = "227-250",
      doi            = "10.1016/j.aop.2016.01.020",
      eprint         = "1506.05596",
      archivePrefix  = "arXiv",
      primaryClass   = "hep-th",
      SLACcitation   = "%%CITATION = ARXIV:1506.05596;%%"
}
@ARTICLE{masoliver,
       author = {{Masoliver}, Jaume and {Ros}, Ana},
        title = "{Integrability and chaos: the classical uncertainty}",
      journal = {European Journal of Physics},
     keywords = {Nonlinear Sciences - Chaotic Dynamics, Physics - Physics Education},
         year = 2011,
        month = Mar,
       volume = {32},
        pages = {431-458},
          doi = {10.1088/0143-0807/32/2/016},
archivePrefix = {arXiv},
       eprint = {1012.4384},
 primaryClass = {nlin.CD},
       adsurl = {https://ui.adsabs.harvard.edu/\#abs/2011EJPh...32..431M},
      adsnote = {Provided by the SAO/NASA Astrophysics Data System}
}
@article{ullmo,
	author = "D. Ullmo and S. Tomsovic",
	title = "INTRODUCTION TO QUANTUM CHAOS",
	year = "2014"
}
@article{hsiao,
	author = "W. Hsiao",
	title = "Introduction to Classical Chaos",
	year = "2017"
}
@article{lau,
      author         = "Lau, Pak Hang Chris and Ma, Chen-Te and Murugan, Jeff and
                        Tezuka, Masaki",
      title          = "{Randomness and Chaos}",
      year           = "2018",
      eprint         = "1812.04770",
      archivePrefix  = "arXiv",
      primaryClass   = "hep-th",
      SLACcitation   = "%%CITATION = ARXIV:1812.04770;%%"
}
@article{gaikwad,
      author         = "Gaikwad, Adwait and Joshi, Lata Kh and Mandal, Gautam and
                        Wadia, Spenta R.",
      title          = "{Holographic dual to charged SYK from 3D Gravity and
                        Chern-Simons}",
      year           = "2018",
      eprint         = "1802.07746",
      archivePrefix  = "arXiv",
      primaryClass   = "hep-th",
      SLACcitation   = "%%CITATION = ARXIV:1802.07746;%%"
}
@article{berkooz,
      author         = "Berkooz, Micha and Narayan, Prithvi and Rozali, Moshe and
                        Simón, Joan",
      title          = "{Higher Dimensional Generalizations of the SYK Model}",
      journal        = "JHEP",
      volume         = "01",
      year           = "2017",
      pages          = "138",
      doi            = "10.1007/JHEP01(2017)138",
      eprint         = "1610.02422",
      archivePrefix  = "arXiv",
      primaryClass   = "hep-th",
      SLACcitation   = "%%CITATION = ARXIV:1610.02422;%%"
}
@article{eiki,
      author         = "Iyoda, Eiki and Sagawa, Takahiro",
      title          = "{Scrambling of Quantum Information in Quantum Many-Body
                        Systems}",
      journal        = "Phys. Rev.",
      volume         = "A97",
      year           = "2018",
      number         = "4",
      pages          = "042330",
      doi            = "10.1103/PhysRevA.97.042330",
      eprint         = "1704.04850",
      archivePrefix  = "arXiv",
      primaryClass   = "cond-mat.stat-mech",
      SLACcitation   = "%%CITATION = ARXIV:1704.04850;%%"
}
